<record><leader>00000cas a22000007a 4500</leader><controlfield tag="001">34529437</controlfield><controlfield tag="008">960408d19731978cauwr ne      0    0eng d</controlfield><datafield ind1=" " ind2=" " tag="010"><subfield code="a">sn 96062700 </subfield></datafield><datafield ind1=" " ind2=" " tag="040"><subfield code="a">CNK</subfield><subfield code="b">eng</subfield><subfield code="c">CNK</subfield><subfield code="d">OCLCQ</subfield><subfield code="d">OCLCF</subfield><subfield code="d">OCLCO</subfield></datafield><datafield ind1="1" ind2=" " tag="029"><subfield code="a">AU@</subfield><subfield code="b">000025930176</subfield></datafield><datafield ind1=" " ind2=" " tag="042"><subfield code="a">msc</subfield></datafield><datafield ind1=" " ind2=" " tag="043"><subfield code="a">n-us-ca</subfield></datafield><datafield ind1="0" ind2=" " tag="130"><subfield code="a">Anderson press (Anderson, Calif.)</subfield></datafield><datafield ind1="1" ind2="0" tag="245"><subfield code="a">Anderson press.</subfield></datafield><datafield ind1=" " ind2=" " tag="260"><subfield code="a">Anderson, Calif. :</subfield><subfield code="b">Anderson Valley Pr.</subfield></datafield><datafield ind1=" " ind2=" " tag="300"><subfield code="a">v.</subfield></datafield><datafield ind1=" " ind2=" " tag="310"><subfield code="a">Weekly</subfield></datafield><datafield ind1="0" ind2=" " tag="362"><subfield code="a">Vol. 5, no. 44 (Mar. 14, 1973)-</subfield></datafield><datafield ind1="1" ind2=" " tag="362"><subfield code="a">Ceased in Aug. 1978.</subfield></datafield><datafield ind1=" " ind2=" " tag="515"><subfield code="a">Designation changed from vol. 8 to vol. 77 in Jan. 1977.</subfield></datafield><datafield ind1=" " ind2="0" tag="651"><subfield code="a">Anderson (Calif.)</subfield><subfield code="v">Newspapers.</subfield></datafield><datafield ind1=" " ind2="7" tag="655"><subfield code="a">Newspapers.</subfield><subfield code="2">fast</subfield><subfield code="0">(OCoLC)fst01423814</subfield></datafield><datafield ind1=" " ind2="7" tag="651"><subfield code="a">California</subfield><subfield code="z">Anderson.</subfield><subfield code="2">fast</subfield><subfield code="0">(OCoLC)fst01226656</subfield></datafield><datafield ind1=" " ind2=" " tag="752"><subfield code="a">United States</subfield><subfield code="b">California</subfield><subfield code="c">Shasta</subfield><subfield code="d">Anderson.</subfield></datafield><datafield ind1="0" ind2="0" tag="780"><subfield code="t">Valley press (Anderson, Calif. : 1969)</subfield><subfield code="w">(DLC)sn 95062126</subfield></datafield><datafield ind1="0" ind2="7" tag="785"><subfield code="t">Cottonwood press</subfield><subfield code="w">(DLC)sn 95062273</subfield></datafield><datafield ind1="0" ind2="7" tag="785"><subfield code="t">Valley press (Anderson, Calif. : 1978)</subfield><subfield code="w">(DLC)sn 96062701</subfield></datafield></record>